% book
% Required fields: author or editor, title, publisher, year. 
% Optional fields: volume or number, series, address, edition, month, note.
@book{coulouris,
  author = {Coulouris  G.  F.,  Dollimore J. e  Kindberg T},
  title = {Distributed Systems: concepts and Design},
  publisher = {Addison-Wesley},
  year = {1994},
  edition = "second edition"

}

% article
% Required fields: author, title, journal, year. 
% Optional fields: volume, number, pages, month, note.
@article{k,
  author = {Donoho D. L.},
  title = {Compressed Sensing},
  journal = {IEEE Trans. Inf. Theory},
  volume = {52},
  number = {4},
  pages = {1289-1306},
  year = {2006}
}

% conference
% same as inproceedings
% Required fields: author, title, booktitle, year. 
% Optional fields: editor, volume or number, series, pages, address, month, organization, publisher, note
@conference{dalal,
  author = {Dalal N., Triggs B.},
  title = {Histograms of Oriented Gradients for Human Detection},
  booktitle = {Computer Vision and Pattern Recognition (CVPR)},
  address = {San Diego, USA},
  year = {2005},
  month = {20-26 June},
  pages = {886-893}
}

% website
% as misc
% Required fields: none. 
% Optional fields: author, title, howpublished, month, year, note.
@misc{ictbusiness,
  title = {ICT business},
  howpublished = {http://www.ictbusiness.it/},
  note = {ultimo accesso 15/06/2015}
}


@INPROCEEDINGS{Suh2007,
  author={Suh, Bongwon and Chi, Ed H. and Pendleton, Bryan A. and Kittur, Aniket},
  booktitle={2007 IEEE Symposium on Visual Analytics Science and Technology}, 
  title={Us vs. Them: Understanding Social Dynamics in Wikipedia with Revert Graph Visualizations}, 
  year={2007},
  volume={},
  number={},
  pages={163-170},
  doi={10.1109/VAST.2007.4389010}}



@inproceedings{Kiesel2017,
  title={Spatio-Temporal Analysis of Reverted Wikipedia Edits},
  author={Johannes Kiesel and Martin Potthast and Matthias Hagen and Benno Stein},
  booktitle={ICWSM},
  year={2017}
}
